<?xml version="1.0" encoding="UTF-8"?><collection><record><leader>07893ntm a22005052a 4500</leader><controlfield tag="001">005984408</controlfield><controlfield tag="003">MiAaHDL</controlfield><controlfield tag="005">20190719000000.0</controlfield><controlfield tag="006">m        d        </controlfield><controlfield tag="007">cr bn ---auaua</controlfield><controlfield tag="008">090403q16381639tu            00| ||ara d</controlfield><datafield tag="035" ind1=" " ind2=" "><subfield code="a">(MiU)005984408</subfield></datafield><datafield tag="035" ind1=" " ind2=" "><subfield code="a">sdr-miu005984408</subfield></datafield><datafield tag="040" ind1=" " ind2=" "><subfield code="a">MiU</subfield><subfield code="c">MiU</subfield><subfield code="e">amremm</subfield></datafield><datafield tag="043" ind1=" " ind2=" "><subfield code="a">n-us-mi</subfield></datafield><datafield tag="100" ind1="0" ind2=" "><subfield code="a">Birgivî Mehmet Efendi,</subfield><subfield code="d">approximately 1522-1573.</subfield></datafield><datafield tag="245" ind1="1" ind2="0"><subfield code="6">880-03</subfield><subfield code="a">[Imtiḥān al-adhkiyāʼ,</subfield><subfield code="f">1048, i.e. 1638 or 1639].</subfield></datafield><datafield tag="260" ind1=" " ind2=" "><subfield code="a">[Istanbul?,</subfield><subfield code="c">1638 or 1639].</subfield></datafield><datafield tag="300" ind1=" " ind2=" "><subfield code="a">134 leaves :</subfield><subfield code="b">paper ;</subfield><subfield code="c">195 x 130 (135 x 65) mm.</subfield></datafield><datafield tag="500" ind1=" " ind2=" "><subfield code="a">Shelfmark: Ann Arbor, University of Michigan, Special Collections Library, Isl. Ms. 30</subfield></datafield><datafield tag="500" ind1=" " ind2=" "><subfield code="a">Origin: As appears in colophon on fol.134a-134b (p.267-268), composition by Muḥammad ibn ʻAlī al-Birgilī [al-Birkilī] finished in 973 [1565 or 6]. This copy by Aḥmad ibn ʻAbdī with transcription finished "tamma al-taswīd..." in the year 1048 [1638 or 9] likely in Istanbul.</subfield></datafield><datafield tag="500" ind1=" " ind2=" "><subfield code="a">Former shelfmark: British Museum, London "No. 80. Imtihan al-aḏkiya." ; on fol.1a (p.1) "١٨٠".</subfield></datafield><datafield tag="500" ind1=" " ind2=" "><subfield code="a">Binding: Pasteboards (delaminating, composed of recycled paper with writing in black ink still visible) covered in marbled paper with spine and turn-ins in leather ; Type II binding (with flap) ; board linings in laid paper ; interior of fore-edge flap in rose-tinted paper ; sewn in brown thread, two stations ; thread snapped in places, loose in others, elsewhere entirely missing ; fragments of primaries for endbands remain, bright blue and yellow, but neither band intact ; cover ill-fitting with leather shrinkage and expansion and cockling of text-block ; leather is cracking across fore-edge and spine, abraded at corners, red rot ; text block intact except for occasional loose leaves.</subfield></datafield><datafield tag="500" ind1=" " ind2=" "><subfield code="a">Support: European laid paper with laid lines vertical spaced roughly 11 laid lines per cm. and chain lines horizontal spaced roughly 28 mm. apart ; very lightly burnished ; no clumping of fibers but some inclusions ; several watermarks including large circle with "M" and profile of duck (see fol.5/fol.8, etc.), crest or scrollwork containing bird with wings outstretched (see fol.22, etc.), crest / scrollwork / arms containing three flowers / lilies (see fol.30, 36, etc.), circle including two hollow six-pointed stars with single star in cone or basket shape (see fol.74, fol.81, etc.) ; some water damage to bottom and top edges intermittently throught text ; minor pest damage throughout ; some leaves have yellower appearance than others ; some foxing ; fingerprints and smudges in both red and black ink ; leaves of first quire loose and fragile, obscuring text on inner margins particularly ; conservation treatement of fol.12 reinforcing loose page along stub with Japanese paper and sodium CMC.</subfield></datafield><datafield tag="500" ind1=" " ind2=" "><subfield code="a">Decoration: Textual dividers in the form of red dots ; text rubricated with chapter and section breaks, rare vocalization (fol.14b/p.28), overlining, some marginal glosses and notabilia, sigla and abbreviations within glosses, etc. in red.</subfield></datafield><datafield tag="500" ind1=" " ind2=" "><subfield code="a">Script: Naskh/nastaʻlīq ; strong effect of words descending to baseline, mainly closed counters, virtually sans serif, right-slanting, strokes rather than dots for pointing, lām-alif al-mukhaffafa, occasionally superscripting final letter of line, straight but slanted free-standing alif with obliquely cut head, final yāʼ mardūdah.</subfield></datafield><datafield tag="500" ind1=" " ind2=" "><subfield code="a">Layout: Written in 17 lines per page ; frame-ruled.</subfield></datafield><datafield tag="500" ind1=" " ind2=" "><subfield code="a">Collation: VI (12), 11 V (122), VI (134) ; chiefly quinions ; catchwords present ; pagination in pencil, Western numerals, supplied during digitization.</subfield></datafield><datafield tag="500" ind1=" " ind2=" "><subfield code="a">Colophon: "Authorial" and "scribal," rectangular then triangular, reads: "تم هذه النسخة الشريفة المباركة تصنيف الفاضل الكامل العالم العامل محمد البركلى حراه الله بما يحبه ويرضاه ... تم الكتاب بعون الله الملك الوهاب في يدا [كذا] عبد الضعيف احمد بن عبدي تم الرسالة المسماة بامتحان الاذكيا للعلامة المتاخرين و الفهامة المدققين كاشف المشكلات الدينية رافع المعضلات اليقينية صدر الشريفة النبوية مجي الطريقة الاحمدية صاحب التاليف و التحرير ذو العلم الراسخ في التقرير الشيخ محمد بن علي البالكروي تاريخ تصنيف الشيخ في سنة ٩٧٣ تم التسويد على يد عبد الضعيف احمد بن عبدي بعون الله الملك المنان الكريم ... البلاد دكزلي غفر الله له و احسن اليها و اليه بمقام قصتنطية [قسطنطنية؟] قرب عسى قابوسى سراي مصطفى بابك [؟] ادم الله تع عمره ودولته . . سنة ثمان و اربعين والف"</subfield></datafield><datafield tag="500" ind1=" " ind2=" "><subfield code="a">Explicit: "كاف المؤنث وقفا حفظا بحركتهما لا تلتبس بكاف المذكر نحو اكرمتكس ومررت بكس"</subfield></datafield><datafield tag="500" ind1=" " ind2=" "><subfield code="a">Incipit: "الحمد لله و سلام على عباده الذين اصطفى خصوصا منهم على السراج المنبر المصطفى و صلوة عليه و عليهم مصفى و مستصفى ... و بعد فلما اردت [ان] ادرس كتاب اللب المنسوب الى الامام الاوحدى عمر القاضي البيضاوي عليه رحمة العزيز القوي سالني بعض اصحابي ان اكتب لهم شرحا يحل عقد الفاظه و مبانيه ..."</subfield></datafield><datafield tag="500" ind1=" " ind2=" "><subfield code="a">Title supplied by cataloguer from inscription on fol.1a (p.1) and colophon.</subfield></datafield><datafield tag="500" ind1=" " ind2=" "><subfield code="a">Ms. codex.</subfield></datafield><datafield tag="520" ind1="8" ind2=" "><subfield code="a">Commentary on Lubb al-albāb, a treatise on grammar by ʻAbd Allāh ibn ʻUmar al-Bayḍawī (d. ca. 685/1286), itself an abridgment of al-Kāfiyah by Ibn Ḥājib (d. 646/1249). Description provided mainly by Sarah Mirza.</subfield></datafield><datafield tag="538" ind1=" " ind2=" "><subfield code="a">Mode of access: Internet.</subfield></datafield><datafield tag="541" ind1=" " ind2=" "><subfield code="c">Purchase ;</subfield><subfield code="a">Acquired by purchase along with Abdul Hamid Collection (funds donated by Horace Rackham).</subfield><subfield code="d">1924.</subfield></datafield><datafield tag="546" ind1=" " ind2=" "><subfield code="a">Arabic.</subfield></datafield><datafield tag="561" ind1=" " ind2=" "><subfield code="a">Bookplate of British Museum, London on interior of upper cover,"No. 80. Imtihan al-aḏkiya." ; circular seal impression with figure of goat/gazelle in purple ink as well as inscription "319" in Western numerals on fol.1a (p.1) ; on fol.1a (p.1), a detailed waqf statement in the name of al-Sayyid ʻAbd Allāh Adīb (Abdullah Edip), known as Jannatʹzādah (Cennet-zade), qāḍī of Erzurum, accompanied by his seal, reads: "وقفت وقفا صحيحا شريعا ان لا يخرج من بيت الكتب اللذي بنيته في اتصال داري الا لعلماء نفس ارضروم بكفيل مرعي اورهن قوى و انا الفقير السيد عبد الله اديب الشهير بجنت زاده القاضي بمدينة ارضروم في سنة اثنى و ستين و ماتين و الف" ; also on fol.1a (p.1) oval seal impression, difficult to make out "احمد..." ; numerous marginal and interlinear glosses and corrections ; notabilia (side-heads) ; collation marks "بلغ" appear in outer margins of several pages, "تم" in outer margin fol.134b (p.268) perhaps supplied by collator.</subfield></datafield><datafield tag="600" ind1="1" ind2="0"><subfield code="a">Bayḍāwī, ʻAbd Allāh ibn ʻUmar,</subfield><subfield code="d">d. 1286?</subfield><subfield code="t">Lubb al-albāb fī ʻilm al-iʻrāb.</subfield></datafield><datafield tag="650" ind1=" " ind2="0"><subfield code="a">Manuscripts, Arabic</subfield><subfield code="z">Michigan</subfield><subfield code="z">Ann Arbor.</subfield></datafield><datafield tag="650" ind1=" " ind2="0"><subfield code="a">Arabic language</subfield><subfield code="x">Grammar</subfield><subfield code="v">Early works to 1800.</subfield></datafield><datafield tag="700" ind1="0" ind2=" "><subfield code="6">880-05</subfield><subfield code="a">Aḥmad ibn ʻAbdī,</subfield><subfield code="d">fl. 1638 or 9,</subfield><subfield code="e">scribe.</subfield></datafield><datafield tag="773" ind1="0" ind2=" "><subfield code="a">Tiflis Collection.</subfield></datafield><datafield tag="880" ind1="0" ind2=" "><subfield code="6">700-05/</subfield><subfield code="a">احمد بن عبدى،</subfield><subfield code="e">ناسخ.</subfield></datafield><datafield tag="880" ind1="1" ind2="0"><subfield code="6">245-03/</subfield><subfield code="a">[امتحان الاذكياء,</subfield><subfield code="f">1048ه، 1638 أو 1639م].</subfield></datafield><datafield tag="CID" ind1=" " ind2=" "><subfield code="a">005984408</subfield></datafield><datafield tag="DAT" ind1="0" ind2=" "><subfield code="a">20190719102633.0</subfield><subfield code="b">20190719000000.0</subfield></datafield><datafield tag="DAT" ind1="1" ind2=" "><subfield code="a">20190719090653.0</subfield><subfield code="b">2019-07-19T16:11:08Z</subfield></datafield><datafield tag="DAT" ind1="2" ind2=" "><subfield code="a">2015-10-02T18:00:03Z</subfield></datafield><datafield tag="CAT" ind1=" " ind2=" "><subfield code="a">SDR-MIU</subfield><subfield code="d">EX LIBRIS - ALEPH</subfield><subfield code="l">prepare.pl-004-008</subfield></datafield><datafield tag="FMT" ind1=" " ind2=" "><subfield code="a">BK</subfield></datafield><datafield tag="HOL" ind1=" " ind2=" "><subfield code="0">sdr-miu005984408</subfield><subfield code="a">MiU</subfield><subfield code="b">SDR</subfield><subfield code="c">MIU</subfield><subfield code="p">mdp.39015079105329</subfield><subfield code="s">MIU</subfield><subfield code="1">005984408</subfield></datafield><datafield tag="974" ind1=" " ind2=" "><subfield code="b">MIU</subfield><subfield code="c">MIU</subfield><subfield code="d">20190719</subfield><subfield code="s">lit-dlps-dc</subfield><subfield code="u">mdp.39015079105329</subfield><subfield code="y">1639</subfield><subfield code="r">pd</subfield><subfield code="q">bib</subfield><subfield code="t">non-US bib date2 &lt; 1896</subfield></datafield></record></collection>